<record><leader>00000cas a22000007a 4500</leader><controlfield tag="001">12578158</controlfield><controlfield tag="008">850920c19429999iauwr ne      0    0eng d</controlfield><datafield ind1=" " ind2=" " tag="010"><subfield code="a">sn 85049771 </subfield></datafield><datafield ind1=" " ind2=" " tag="040"><subfield code="a">INP</subfield><subfield code="b">eng</subfield><subfield code="c">INP</subfield><subfield code="d">OCLCQ</subfield></datafield><datafield ind1=" " ind2=" " tag="042"><subfield code="a">msc</subfield></datafield><datafield ind1="0" ind2=" " tag="130"><subfield code="a">Monroe mirror (Monroe, Iowa : 1942)</subfield></datafield><datafield ind1="1" ind2="4" tag="245"><subfield code="a">The Monroe mirror.</subfield></datafield><datafield ind1=" " ind2=" " tag="260"><subfield code="a">Monroe, Jasper County [Iowa] :</subfield><subfield code="b">Herman Holmes</subfield></datafield><datafield ind1=" " ind2=" " tag="300"><subfield code="a">v. :</subfield><subfield code="b">ill.</subfield></datafield><datafield ind1=" " ind2=" " tag="310"><subfield code="a">Weekly</subfield></datafield><datafield ind1="1" ind2=" " tag="362"><subfield code="a">Began in 1942?</subfield><subfield code="z">Cf. Bibl. of Iowa newspapers.</subfield></datafield><datafield ind1=" " ind2=" " tag="580"><subfield code="a">Formed by the union of: Monroe citizen, and: Jasper County mirror, and: Jasper County record.</subfield></datafield><datafield ind1=" " ind2=" " tag="588"><subfield code="a">Description based on: 77th year, no. 5 (Jan. 5, 1950).</subfield></datafield><datafield ind1=" " ind2=" " tag="752"><subfield code="a">United States</subfield><subfield code="b">Iowa</subfield><subfield code="c">Jasper</subfield><subfield code="d">Monroe.</subfield></datafield><datafield ind1="1" ind2="4" tag="780"><subfield code="t">Monroe citizen</subfield><subfield code="w">(DLC)sn 85049770</subfield></datafield><datafield ind1="1" ind2="4" tag="780"><subfield code="t">Jasper County mirror</subfield></datafield><datafield ind1="1" ind2="4" tag="780"><subfield code="t">Jasper County record</subfield><subfield code="w">(DLC)sn 85050897</subfield></datafield></record>